@article{ vdt_on_musculo_disorder,
  author =      {Bergqvist, U. and Wolgast, E. and Nilsson, B. and Voss, M.},
  title =       {The influence of VDT work on musculoskeletal disorders},
  journal =     {Ergonomics},
  year =        {1995},
  volume =      {38},
  number =      {4},
  pages =       {754-762},
  doi =         {http://doi.org/10.1080/00140139508925147},
}

@article{ epid_musculo_disorder,
  author =      {Gerr, F. and Marcus, M. and Monteilh, C.},
  title =       {Epidemiology of musculoskeletal disorders among computer users: lesson learned from the role of posture and keyboard use},
  journal =     {Journal of Electromyography and Kinesiology},
  year =        {2004},
  volume =      {14},
  number =      {1},
  pages =       {25-31},
  doi =         {http://doi.org/10.1016/j.jelekin.2003.09.014},
}

@article{ wearable_spinal_posture,
  author =      {Dunne, L. E. and Walsh, P. and Hermann, S. and Smyth, B. and Caulfield, B.},
  title =       {Wearable Monitoring of Seated Spinal Posture},
  journal =     {IEEE Transactions on Biomedical Circuits and Systems},
  year =        {2008},
  volume =      {2},
  number =      {2},
}

@misc{ posture_saving_device,
  author =      {Biggs, J.},
  title =       {The LUMOback Is An Infuriating, Ingenious Posture-Saving Device That May Drive You Crazy},
  year =        {2013},
  month =       {August},
  note =        {\url{http://techcrunch.com/2013/08/21/the-lumoback-is-an-infuriating-ingenious-posture-saving-device-that-may-drive-you-crazy/}},
}

@misc{ roomalive_toolkit,
  author =      {{Microsoft Research}},
  title =       {{RoomAliveToolkit}},
  year =        {2015},
  note =        {\url{https://github.com/Kinect/RoomAliveToolkit}},
}

@misc{ kinect2kit,
  author =      {Wu, C-J.},
  title =       {{Kinect2Kit Simple Client Server}},
  year =        {2015},
  note =        {\url{https://github.com/cjw-charleswu/Kinect2Kit}},
}

@misc{ bad_posture_back_pain,
  author =      {Hargrove, T.},
  title =       {Does Bad Posture Cause Back Pain?},
  year =        {2014},
  month =       {September},
  note =        {\url{http://www.bettermovement.org/2014/does-bad-posture-cause-back-pain/}},
}

@misc{ nhs_sit_correctly,
  author =      {Hargrove, T.},
  title =       {How to sit correctly - Live Well - NHS Choices},
  year =        {2015},
  month =       {April},
  note =        {\url{http://www.nhs.uk/Livewell/workplacehealth/Pages/howtositcorrectly.aspx}},
}

@article{ arm_daily_activity,
  author =      {Coley, B. and Jolles, B. M. and Farron, A. and Aminian, K.},
  title =       {Arm position during daily activity},
  journal =     {Gait and Posture},
  year =        {2008},
  volume =      {28},
  number =      {4},
  pages =       {581-587},
  doi =         {http://doi.org/10.1016/j.gaitpost.2008.04.014},
}

@misc{ best_viewing_distance_tv,
  author =      {Torres, M.},
  title =       {What is the Best Viewing Distance to Watch a TV From?},
  year =        {n.d.},
  note =        {\url{http://tv.about.com/od/frequentlyaskedquestions/f/viewingdistance.htm}},
}

@misc{ mindandmuscle_correct_posture,
  author =      {{Mind and Muscle}},
  title =       {Correcting Posture: Myth or Reality?},
  year =        {2006},
  month =       {November},
  note =        {\url{http://www.mindandmuscle.net/articles/correcting-posture-myth-or-reality/}},
}

@article{ work_musculo_risks_posture,
  author =      {Li, G. and Buckle, P.},
  title =       {Current techniques for assessing physical exposure to work-related musculoskeletal risks, with emphasis on posture-based methods},
  journal =     {Ergonomics},
  year =        {1999},
  volume =      {42},
  number =      {5},
  pages =       {674-695},
  doi =         {http://doi.org/10.1080/001401399185388},
}

@article{ validity_kinect_postural_control,
  author =      {Clark, R. A. and Pua, Y.-H. and Fortin, K. and Ritchie, C. and Webster, K.E. and Denehy, L. and Bryant, A.L.},
  title =       {Validity of the Microsoft Kinect for assessment of postural control},
  journal =     {Gait and Posture},
  year =        {2012},
  volume =      {36},
  number =      {3},
  pages =       {372-377},
  doi =         {http://doi.org/10.1016/j.gaitpost.2012.03.033},
}

@misc{ mindandmuscle_correct_posture,
  author =      {{Lumo Bodytech}},
  title =       {Improve Your Posture Today With The Lumo Back Posture Sensor},
  year =        {n.d.},
  note =        {\url{http://www.lumobodytech.com/lumoback/}},
}

@article{ posture_discomfort_vdt,
  author =      {Starr, S.J. and Shute, S.J. and Thompson, C.R.},
  title =       {Relating posture to discomfort in VDT use},
  journal =     {Journal of Occupational and Environmental Medicine},
  year =        {1985},
  volume =      {27},
  number =      {4},
  pages =       {269-271},
}

@article{ evaluation_kinect_workspace,
  author =      {Dutta, T.},
  title =       {Evaluation of the KinectTM sensor for 3-D kinematic measurement in the workplace},
  journal =     {Applied Ergonomics},
  year =        {2012},
  volume =      {43},
  number =      {4},
  pages =       {645-649},
  doi =         {http://doi.org/10.1016/j.apergo.2011.09.011}
}

@article{ contextaware_reminder_living_behaviour,
  author =      {Zhang, S. and McCullagh, P. and Nugent, C. and Zheng, H. and Black, N.},
  title =       {An Ontological Approach for Context-Aware Reminders in Assisted Living’ Behavior Simulation},
  journal =     {In Advances in Computational Intelligence},
  year =        {2011},
  volume =      {6692},
  pages =       {677-684},
}

@article{ smartphone_daily_activity_monitor,
  author =      {Zhang, S. and McCullagh, P. and Zhang, J. and Yu, T.},
  title =       {A smartphone based real-time daily activity monitoring system},
  journal =     {Cluster Computing},
  year =        {2014},
  volume =      {17},
  number =      {3},
  pages =       {711-721},
  doi =         {http://doi.org/10.1007/s10586-013-0335-y}
}

@article{ fear_avoidance_model_pain,
  author =      {Lethem, J. and Slade, P.D. and Troup, J. D.G. and Bentley, G.},
  title =       {Outline of a fear-avoidance model of exaggerated pain perception—I},
  journal =     {Behaviour Research and Therapy},
  year =        {1983},
  volume =      {21},
  number =      {4},
  pages =       {401-408},
  doi =         {http://doi.org/10.1016/0005-7967(83)90009-8}
}

@misc{ review_lumo_posture_belt,
  author =      {Lasky, M.S.},
  title =       {Review: LUMOback Posture Belt},
  year =        {2013},
  month =       {March},
  note =        {\url{http://www.wired.com/2013/03/lumoback/}},
}

@misc{ monitor_support_apparatus,
  author =      {Smirnov, A.},
  title =       {Monitor Support Apparatus},
  year =        {2010},
  month =       {July},
}

@article{ vira_disorder_electronics,
  author =      {Kilbom, Å. and Persson, J. and Jonsson, B.G.},
  title =       {Disorders of the cervicobrachial region among female workers in the electronics industry},
  journal =     {International Journal of Industrial Ergonomics 1.1},
  year =        {1986},
  pages =       {37-47},
}

@article{ constrained_postures_vdt,
  author =      {Hünting, W. and GRANDJEAN, T.L.E.},
  title =       {Postural and visual loads at VDT workplaces I. Constrained postures},
  journal =     {Ergonomics},
  year =        {1981},
  volume =      {24},
  number =      {12},
  pages =       {917-931},
}

@article{ work_posture_musculo_discomfort,
  author =      {Sauter, S.L. and Schleifer, L.M. and Knutson, S.J.},
  title =       {Work posture, workstation design, and musculoskeletal discomfort in a VDT data entry task},
  journal =     {Human Factors: The Journal of the Human Factors and Ergonomics Society},
  year =        {1991},
  volume =      {33},
  number =      {2},
  pages =       {151-167},
}

@article{ armrest_design_use,
  author =      {Lueder, R. and Allie, P.},
  title =       {Review: Armrest Design and Use},
  journal =     {Human ErgoSystems Inc},
  year =        {2003},
}

@article{ social_influence_complicance_conformity,
  author =      {Cialdini, R. B. and Goldstein, N.J.},
  title =       {Social Influence: Compliance and Conformity},
  journal =     {Annual Review of Psychology},
  year =        {2004},
  volume =      {55},
  number =      {1},
  pages =       {591-621},
  doi =         {http://doi.org/10.1146/annurev.psych.55.090902.142015}
}

@book{ social_identity_comparison,
  author =      {Hogg, M.A.},
  title =       {Handbook of Social Comparison},
  year =        {2000},
  publisher =   {Springer},
  address =     {US},
  pages =       {401-421},
}

@article{ self_focus,
  author =      {Scheier, M.F. and Carver, C.S.},
  title =       {Self-focused attention and the experience of emotion: Attraction, repulsion, elation, and depression},
  journal =     {Journal of Personality and Social Psychology},
  year =        {1977},
  volume =      {35},
  number =      {9},
  pages =       {625-636},
  doi =         {http://doi.org/10.1037//0022-3514.35.9.625}
}

@book{ elaboration_modeL_persuasion,
  author =      {Petty, R.E. and Cacioppo, J.T.},
  title =       {The Elaboration Likelihood Model of Persuasion},
  journal =     {Communication and Persuasion},
  year =        {1986},
  publisher =   {Springer},
  address =     {New York},
  pages =       {1-24},
}

@misc{ output_device,
  author =      {Computer Help},
  title =       {Output device},
  year =        {n.d.},
  note =        {\url{http://www.computerhope.com/jargon/o/outputde.htm}},
}

@article{ estimate_viewing_distance,
  author =      {Dostal, J. and Kristensson, P.O. and Quigley, A.},
  title =       {Estimating and using absolute and relative viewing distance in interactive systems},
  journal =     {Pervasive and Mobile Computing},
  year =        {2014},
  volume =      {10},
  pages =       {173-186},
  doi =         {http://doi.org/10.1016/j.pmcj.2012.06.009}
}

@online{ half_room,
 author  = "Pavel Vetrov",
 title   = "Pavel Vetrov Invents the Half and Half Room 2",
 year    = "2015",
 url     = "http://www.trendir.com/interiors/2015/06/09/pavel-vetrov-invents%20the-half-and-half-room-2.jpg",
}

@book{ elaboration_modeL_persuasion,
  author =      {Healy, M.},
  title =       {Philosophical Perspectives on Social Cohesion: New Directions for Educational Policy},
  journal =     {Communication and Persuasion},
  year =        {2013},
  publisher =   {A\&C Black},
}

@misc{ sus,
  author =      {Usability.gov},
  title =       {System Usability Scale (SUS)},
  year =        {2013},
  month =       {September}
  note =        {\url{http://www.usability.gov/how-to-and-tools/methods/system-usability-scale.html}},
}

@article{ communication_persuasion,
  author =      {Riley, M.W. and Hovland, C.I. and Janis, I.L. and Kelley, H.H.},
  title =       {Communication and Persuasion: Psychological Studies of Opinion Change},
  journal =     {American Sociological Review,},
  year =        {1954},
  volume =      {19},
  number =      {3},
  doi =         {http://doi.org/10.2307/2087772}
}

@article{ nielson_heuristics,
  author =      {Nielson, J.},
  title =       {10 usability heuristics for user interface design},
  journal =     {Fremont: Nielsen Norman Group},
  year =        {1995},
  month =       {January},
}

Nielsen, J. (). . . Disponível na Internet.
%  (1995,  1). : Article by Jakob Nielsen. Retrieved 11 August 2015, from \\

% Green, M. C. (2004). Understanding Media Enjoyment: The Role of Transportation Into Narrative Worlds. Communication Theory, 14(4), 311–327. http://doi.org/10.1093/ct/14.4.311\\


% IllumiRoom - Microsoft Research. (2015). Retrieved from http://research.microsoft.com/en-us/projects/illumiroom/\\
% Keefer, A. (2013, August 6). Back Problems Caused by Bad Posture While Sitting. Retrieved 1 June 2015, from http://www.livestrong.com/article/346837-back-problems-caused-by-bad-posture-while-sitting/\\
% Kinect Sports dev hit by redundancies. (2011, February 16). Retrieved 8 June 2015, from http://www.eurogamer.net/articles/2011-02-16-kinect-sports-dev-hit-by-redundancies\\

% Laeser, K., Maxwell, L., & Hedge, A. (1998). The Effect of Computer Workstation Design on Student Posture. Journal of Research on Computing in Education, 31:2, 173–188.

% Li, H. (2010). The effectiveness of visual prompts on stereotypic behavior ofchildren with autism in elementary schools.\\


% Priming. (n.d.). Retrieved 2 June 2015, from https://www.interaction-design.org/encyclopedia/priming.html\\


% Ronca, D. (n.d.). Is too much TV really bad for your eyes? Retrieved 5 June 2015, from http://health.howstuffworks.com/human-body/systems/eye/tv-bad-for-eyes.htm\\


% Stemland, I., Ingebrigtsen, J., Christiansen, C. S., Jensen, B. R., Hanisch, C., Skotte, J., & Holtermann, A. (2015). Validity of the Acti4 method for detection of physical activity types in free-living settings: comparison with video analysis. Ergonomics, 58(6), 953–965. http://doi.org/10.1080/00140139.2014.998724\\

% Perceptual Constancy | Psychology. (2014, January 6). In Encyclopædia Britannica. Encyclopædia Britannica. Retrieved from http://www.britannica.com/EBchecked/topic/451073/perceptual-constancy